@unpublished{LevensteinCode,
	author	= "Frank Hofmann",
	title	= "Levenshtein Distance and Text Similarity in Python",
	url		= "https://stackabuse.com/levenshtein-distance-and-text-similarity-in-python/",
	note	= "https://stackabuse.com/levenshtein-distance-and-text-similarity-in-python/",
}